@misc{web:bigdata,
  title="big data",
  author={[Various]},
  key={Wikipedia},
  howpublished={\url{http://en.wikipedia.org/w/index.php?title=Big_data&oldid=521018481}}
}

@misc{web:BloomFilter,
  title="{Bloom} filter",
  author={[Various]},
  key={Wikipedia},
  howpublished={\url{http://en.wikipedia.org/w/index.php?title=Bloom_filter&oldid=520253067}}
}

@misc{web:PGO,
  title="profile-guided optimization",
  author={[Various]},
  key={Wikipedia},
  howpublished={\url{http://en.wikipedia.org/w/index.php?title=Profile-guided_optimization&oldid=509056192}}
}

@misc{web:membar,
  title="memory barrier",
  author={[Various]},
  key={Wikipedia},
  howpublished={\url{http://en.wikipedia.org/w/index.php?title=Memory_barrier&oldid=517642176}}
}

@misc{web:atomics,
  title="atomic operations",
  author={[Various]},
  key={Wikipedia},
  howpublished={\url{http://en.wikipedia.org/w/index.php?title=Linearizability&oldid=511650567}}
}

@misc{web:Amdahl,
  title="{Amdahl's Law}",
  author={[Various]},
  key={Wikipedia},
  howpublished={\url{http://en.wikipedia.org/w/index.php?title=Amdahl%27s_law&oldid=515929929}}
}

@misc{web:OpenMP,
  title="{OpenMP}",
  author={OpenMP members},
  key={standard},
  howpublished={\url{http://openmp.org}}
}

@misc{web:khmer,
  title="khmer: genomic data filtering and partitioning software",
  author={C. Titus Brown et al.},
  key={software},
  howpublished={\url{http://github.com/ged-lab/khmer}},
}

@misc{web:gprof,
  title="gprof: the {GNU Profiler}",
  author={Jay Fenalson et al.},
  key={software},
  howpublished={\url{http://www.gnu.org/software/binutils/}}
}

@misc{web:TAU,
  title="{TAU}: {Tuning} and {Analysis Utilities}",
  author={A. D. Malony et al.},
  key={software},
  howpublished={\url{http://www.cs.uoregon.edu/Research/tau/home.php}}
}

@misc{web:Valgrind,
  title="{Valgrind}",
  author={Julian Seward et al.},
  key={software},
  howpublished={\url{http://valgrind.org/}}
}

@misc{web:dablooms,
  title="dablooms: a scalable, counting {Bloom} filter",
  author={bit.ly software developers},
  key={software},
  howpublished={\url{http://github.com/bitly/dablooms}},
}

